<?xml version="1.0" encoding="UTF-8"?><collection xmlns="http://www.loc.gov/MARC21/slim"><record><leader>00529nam--2200169-i-4500</leader><controlfield tag="001">000020836</controlfield><controlfield tag="002">20161230</controlfield><controlfield tag="005">20161230201033</controlfield><controlfield tag="008">060222s1000------------r-----000-0-eng-d</controlfield><datafield ind1=" " ind2=" " tag="040"><subfield code="a">IFIN-HH</subfield></datafield><datafield ind1=" " ind2=" " tag="080"><subfield code="a">538.95(061.3)</subfield></datafield><datafield ind1="1" ind2=" " tag="110"><subfield code="a">Institute Of Applied Physics</subfield></datafield><datafield ind1="1" ind2="0" tag="245"><subfield code="a">Eighth international conference on ternary and multinary compounds. kishinev ussr september 11-14, 1990. abstracts</subfield></datafield><datafield ind1=" " ind2=" " tag="260"><subfield code="a">Kishinev</subfield><subfield code="b">Institute Of Applied Physics</subfield><subfield code="c">1990</subfield></datafield><datafield ind1=" " ind2=" " tag="300"><subfield code="a">377 P</subfield></datafield><datafield ind1=" " ind2=" " tag="852"><subfield code="a">79367</subfield><subfield code="c">539.2</subfield></datafield><datafield ind1=" " ind2=" " tag="CAT"><subfield code="a">Sys</subfield><subfield code="c">20121203</subfield><subfield code="h">145546</subfield></datafield></record></collection>